@article{hou2024caw,
  author    = {Junlin Hou and Jilan Xu and Hao Chen},
  title     = {Concept-Attention Whitening for Interpretable Skin Lesion Diagnosis},
  journal   = {arXiv preprint},
  volume    = {arXiv:2404.05997},
  year      = {2024},
  url       = {https://arxiv.org/abs/2404.05997}
}

@article{kawahara2019seven,
  author    = {Kawahara, Jeremy and Daneshvar, Shayne and Argenziano, Giuseppe and Hamarneh, Ghassan},
  title     = {Seven-point checklist and skin lesion classification using multitask multimodal neural nets},
  journal   = {IEEE Journal of Biomedical and Health Informatics},
  volume    = {23},
  number    = {2},
  pages     = {538--546},
  year      = {2019},
  month     = {Mar},
  doi       = {10.1109/JBHI.2018.2824327}
}

@inproceedings{patricio2023coherent,
  author    = {Patr√≠cio, C. and Neves, J.C. and Teixeira, L.F.},
  title     = {Coherent concept-based explanations in medical image and its application to skin lesion diagnosis},
  booktitle = {Proceedings of the IEEE/CVF Conference on Computer Vision and Pattern Recognition},
  pages     = {3798--3807},
  year      = {2023}
}

@article{chen2020concept,
  author    = {Chen, Zhi and Bei, Yilun and Rudin, Cynthia},
  title     = {Concept whitening for interpretable image recognition},
  journal   = {Nature Machine Intelligence},
  volume    = {2},
  number    = {12},
  pages     = {772--782},
  year      = {2020}
}

@inproceedings{groh2021evaluating,
  author    = {Groh, Michael and Harris, Christopher and Soenksen, Luis and Lau, Freddy and Han, Richard and Kim, Andrew and Koochek, Ayyoob and Badri, Omar},
  title     = {Evaluating deep neural networks trained on clinical images in dermatology with the Fitzpatrick 17k dataset},
  booktitle = {Proceedings of the IEEE/CVF Conference on Computer Vision and Pattern Recognition},
  pages     = {1820--1828},
  year      = {2021}
}

@article{bie2024mica,
  author    = {Bie, Yizhe and Luo, Li and Chen, Hao},
  title     = {MICA: Towards explainable skin lesion diagnosis via multi-level image-concept alignment},
  journal   = {arXiv preprint arXiv:2401.08527},
  year      = {2024}
}

@misc{skincon2024,
  author    = {SkinCon Dataset Team},
  title     = {SkinCon Dataset},
  year      = {2024},
  url       = {https://skincon-dataset.github.io/}
}

@misc{derm7pt2024,
  author    = {Jeremy Kawahara},
  title     = {Derm7pt Dataset Repository},
  year      = {2024},
  url       = {https://github.com/jeremykawahara/derm7pt}
}
@inproceedings{huang2019iterative,
  author    = {Huang, Lang and Zhou, Yitong and Zhu, Feng and Liu, Li and Shao, Ling},
  title     = {Iterative Normalization: Beyond Standardization Towards Efficient Whitening},
  booktitle = {Proceedings of the IEEE/CVF Conference on Computer Vision and Pattern Recognition},
  pages     = {4874--4883},
  year      = {2019}
}

